% !TEX root = ./report.tex

@article{GHC-paper,
	author = {Peyton Jones, Simon and Marlow, Simon},
	title = {Secrets of the Glasgow Haskell Compiler Inliner},
	journal = {J. Funct. Program.},
	issue_date = {July 2002},
	volume = {12},
	number = {5},
	month = {July},
	year = {2002},
	issn = {0956-7968},
	pages = {393--434},
	numpages = {42},
	url = {http://dx.doi.org/10.1017/S0956796802004331},
	doi = {10.1017/S0956796802004331},
	acmid = {968422},
	publisher = {Cambridge University Press},
	address = {New York, NY, USA},
}
